00576cas a22002291a 4500
001 999322543502836
003 Nz
005 20161223153201.0
008 040113u19869999nz  r ne      0   0 eng  
035    $a (NLNZils)932254
035    $a (Nz)8183865
035    $a (NLNZils)932254-ilsdb
035    $a (OCoLC)173423234
040    $a NZNB $c NZNB
042    $a nznb
043    $a u-nz---
245 00 $a Taupo midweek.
260    $a [Taupo, N.Z. : $b s.n., $c 1986-]
310    $a Weekly
362 0  $a 1986 Apr.16-
651  0 $a Taupo (N.Z.) $v Newspapers.
655  7 $a New Zealand newspapers. $2 local $5 Nz
